%% This BibTeX bibliography file was created using BibDesk.
%% http://bibdesk.sourceforge.net/
%% Created for Olivier Marin at 2013-03-14 03:11:10 +0100 


%% Saved with string encoding Unicode (UTF-8) 

@article{byzantine-pki,
	Author = {Vivek Pathak and Liviu Iftode},
	Journal = {Computer Networks},
	Number = {4},
	Pages = {579--596},
	Title = {Byzantine fault tolerant public key authentication in peer-to-peer systems},
	Url = {http://dx.doi.org/10.1016/j.comnet.2005.07.007},
	Volume = {50},
	Year = {2006}}


@article{atomic-mcast-tcs01,
	Author = {Rachid Guerraoui},
	Journal = {Theoretical Computer Science},
	Pages = {297--316},
	Title = {Genuine Atomic Multicast in Asynchronous Distributed Systems},
	Volume = {254},
	Year = {2001}}


@inproceedings{sybilattack,
	Address = {London, {UK}},
	Author = {Douceur, John R.},
	Booktitle = {Revised Papers from the First International Workshop on Peer-to-Peer Systems},
	Isbn = {3-540-44179-4},
	Lccn = {2646},
	Month = {7-8 March},
	Pages = {251--260},
	Publisher = {Springer, Berlin},
	Series = {{IPTPS} '01},
	Title = {The Sybil Attack},
	Year = {2002}}


